<record><leader>00000cas a22000007a 4500</leader><controlfield tag="001">17524444</controlfield><controlfield tag="008">880223d18721875paudn ne      0    0eng d</controlfield><datafield ind1=" " ind2=" " tag="010"><subfield code="a">sn 88079111 </subfield></datafield><datafield ind1=" " ind2=" " tag="040"><subfield code="a">NPH</subfield><subfield code="b">eng</subfield><subfield code="c">NPH</subfield><subfield code="d">OCLCQ</subfield></datafield><datafield ind1=" " ind2=" " tag="042"><subfield code="a">msc</subfield></datafield><datafield ind1="0" ind2=" " tag="130"><subfield code="a">Easton daily free press (Easton, Pa. : 1872)</subfield></datafield><datafield ind1="1" ind2="4" tag="245"><subfield code="a">The Easton daily free press.</subfield></datafield><datafield ind1="3" ind2="0" tag="246"><subfield code="a">Evening free press</subfield></datafield><datafield ind1="3" ind2="0" tag="246"><subfield code="a">Free press</subfield></datafield><datafield ind1="1" ind2="3" tag="246"><subfield code="a">Daily free press,</subfield><subfield code="f">Apr. 13, 1874-Feb. 11, 1875</subfield></datafield><datafield ind1=" " ind2=" " tag="260"><subfield code="a">Easton, Pa. :</subfield><subfield code="b">J.K. Dawes,</subfield><subfield code="c">1872-1875.</subfield></datafield><datafield ind1=" " ind2=" " tag="300"><subfield code="a">6 v.</subfield></datafield><datafield ind1=" " ind2=" " tag="310"><subfield code="a">Daily (except Sun.)</subfield></datafield><datafield ind1="0" ind2=" " tag="362"><subfield code="a">Vol. 11, no. 130 (Aug. 1, 1872)-v. 17, no. 50 (Mar. 31, 1875).</subfield></datafield><datafield ind1=" " ind2=" " tag="530"><subfield code="a">Also issued on microfilm from Micro Photo Div. of Bell and Howell.</subfield></datafield><datafield ind1=" " ind2=" " tag="752"><subfield code="a">United States</subfield><subfield code="b">Pennsylvania</subfield><subfield code="c">Northampton</subfield><subfield code="d">Easton.</subfield></datafield><datafield ind1="0" ind2=" " tag="775"><subfield code="t">Weekly free press (Easton, Pa. : 1871)</subfield><subfield code="w">(DLC)sn 83032035</subfield></datafield><datafield ind1="0" ind2=" " tag="775"><subfield code="t">Easton free press (Easton, Pa. : 1874)</subfield><subfield code="w">(DLC)sn 86053433</subfield></datafield><datafield ind1="0" ind2="0" tag="780"><subfield code="t">Evening free press (Easton, Pa.)</subfield><subfield code="w">(DLC)sn 88079117</subfield></datafield><datafield ind1="0" ind2="0" tag="785"><subfield code="t">Daily free press (Easton, Pa.)</subfield><subfield code="w">(DLC)sn 88079158</subfield></datafield></record>